<record><leader>00000cas a22000007a 4500</leader><controlfield tag="001">39893840</controlfield><controlfield tag="008">980918d192u1936tnuwr ne      0    0eng d</controlfield><datafield ind1=" " ind2=" " tag="010"><subfield code="a">sn 98069863 </subfield></datafield><datafield ind1=" " ind2=" " tag="040"><subfield code="a">TGN</subfield><subfield code="b">eng</subfield><subfield code="c">TGN</subfield><subfield code="d">OCLCQ</subfield><subfield code="d">OCLCF</subfield><subfield code="d">OCLCO</subfield></datafield><datafield ind1=" " ind2=" " tag="042"><subfield code="a">msc</subfield></datafield><datafield ind1=" " ind2=" " tag="043"><subfield code="a">n-us-tn</subfield></datafield><datafield ind1="0" ind2=" " tag="130"><subfield code="a">Lake County banner (Ridgely, Tenn.)</subfield></datafield><datafield ind1="1" ind2="0" tag="245"><subfield code="a">Lake County banner.</subfield></datafield><datafield ind1=" " ind2=" " tag="260"><subfield code="a">Ridgely, Tenn. :</subfield><subfield code="b">M.C. Bly,</subfield><subfield code="c">-1936.</subfield></datafield><datafield ind1=" " ind2=" " tag="300"><subfield code="a">v.</subfield></datafield><datafield ind1=" " ind2=" " tag="310"><subfield code="a">Weekly</subfield></datafield><datafield ind1="0" ind2=" " tag="362"><subfield code="a">-v. 13, no. 9 (Apr. 10, 1936).</subfield></datafield><datafield ind1=" " ind2=" " tag="580"><subfield code="a">Merged with: Tiptonville times, to form: Lake County banner and the Tiptonville times.</subfield></datafield><datafield ind1=" " ind2=" " tag="588"><subfield code="a">Description based on: Vol. 6, no. 49 (Oct. 25, 1929).</subfield></datafield><datafield ind1=" " ind2="0" tag="651"><subfield code="a">Ridgely (Tenn.)</subfield><subfield code="v">Newspapers.</subfield></datafield><datafield ind1=" " ind2="0" tag="651"><subfield code="a">Lake County (Tenn.)</subfield><subfield code="v">Newspapers.</subfield></datafield><datafield ind1=" " ind2="7" tag="655"><subfield code="a">Newspapers.</subfield><subfield code="2">fast</subfield><subfield code="0">(OCoLC)fst01423814</subfield></datafield><datafield ind1=" " ind2="7" tag="651"><subfield code="a">Tennessee</subfield><subfield code="z">Lake County.</subfield><subfield code="2">fast</subfield><subfield code="0">(OCoLC)fst01212014</subfield></datafield><datafield ind1=" " ind2="7" tag="651"><subfield code="a">Tennessee</subfield><subfield code="z">Ridgely.</subfield><subfield code="2">fast</subfield><subfield code="0">(OCoLC)fst01228496</subfield></datafield><datafield ind1=" " ind2=" " tag="752"><subfield code="a">United States</subfield><subfield code="b">Tennessee</subfield><subfield code="c">Lake</subfield><subfield code="d">Ridgely.</subfield></datafield><datafield ind1="1" ind2="7" tag="780"><subfield code="t">Tiptonville times</subfield><subfield code="w">(DLC)sn 89058307</subfield></datafield><datafield ind1="1" ind2="7" tag="785"><subfield code="t">Lake County banner and the Tiptonville times</subfield><subfield code="w">(DLC)sn 98069862</subfield></datafield></record>